<?xml version='1.0' encoding='utf-8'?>
<record xmlns="http://www.loc.gov/MARC21/slim" xmlns:xsi="http://www.w3.org/2001/XMLSchema-instance" xsi:schemaLocation="http://www.loc.gov/MARC21/slim http://www.loc.gov/standards/marcxml/schema/MARC21slim.xsd">
  <leader>00000ncd  22003012i 4500</leader>
  <controlfield tag="005">20070629161943.0</controlfield>
  <controlfield tag="006">m        d</controlfield>
  <controlfield tag="007">cr bn     uaua</controlfield>
  <controlfield tag="008">040924s1925    miusgz  s     000   eng d</controlfield>
  <datafield tag="010" ind1=" " ind2=" ">
    <subfield code="a">26017460</subfield>
  </datafield>
  <datafield tag="035" ind1=" " ind2=" ">
    <subfield code="a">(DLI)1819552</subfield>
  </datafield>
  <datafield tag="035" ind1=" " ind2=" ">
    <subfield code="a">(DLI)moa1819552</subfield>
  </datafield>
  <datafield tag="035" ind1=" " ind2=" ">
    <subfield code="a">(OCoLC)ocn227406523</subfield>
  </datafield>
  <datafield tag="040" ind1=" " ind2=" ">
    <subfield code="c">MiU</subfield>
    <subfield code="d">MiU</subfield>
  </datafield>
  <datafield tag="049" ind1=" " ind2=" ">
    <subfield code="a">EY2L</subfield>
  </datafield>
  <datafield tag="059" ind1=" " ind2=" ">
    <subfield code="a">NO EXPORT: ALL</subfield>
  </datafield>
  <datafield tag="090" ind1=" " ind2=" ">
    <subfield code="a">M1958</subfield>
    <subfield code="b">(INTERNET)</subfield>
  </datafield>
  <datafield tag="099" ind1=" " ind2=" ">
    <subfield code="a">See URL for access</subfield>
  </datafield>
  <datafield tag="100" ind1="1" ind2=" ">
    <subfield code="a">Root, Minnie Maes.</subfield>
  </datafield>
  <datafield tag="245" ind1="1" ind2="0">
    <subfield code="a">Michigan's favorite college songs,</subfield>
    <subfield code="h">[electronic resource] /</subfield>
    <subfield code="c">edited by Roy Dickinson Welch, 1909, and Earl Vincent Moore, 1912 [compiled by Mrs. Minnie Maes Root]</subfield>
  </datafield>
  <datafield tag="260" ind1=" " ind2=" ">
    <subfield code="a">Ann Arbor, Mich. :</subfield>
    <subfield code="b">University music house,</subfield>
    <subfield code="c">[c1925]</subfield>
  </datafield>
  <datafield tag="300" ind1=" " ind2=" ">
    <subfield code="a">271 [5] p. :</subfield>
    <subfield code="b">ill. ;</subfield>
    <subfield code="c">30 cm.</subfield>
  </datafield>
  <datafield tag="533" ind1=" " ind2=" ">
    <subfield code="a">Electronic text and image data.</subfield>
    <subfield code="b">Ann Arbor, Mich. :</subfield>
    <subfield code="c">University of Michigan Digital Library,</subfield>
    <subfield code="d">2004.</subfield>
    <subfield code="e">Includes both TIFF files and keyword searchable text.</subfield>
    <subfield code="f">[Making of America]</subfield>
    <subfield code="n">Mode of access: Internet</subfield>
  </datafield>
  <datafield tag="500" ind1=" " ind2=" ">
    <subfield code="a">"Eighth edition."</subfield>
  </datafield>
  <datafield tag="610" ind1="2" ind2="0">
    <subfield code="a">University of Michigan</subfield>
    <subfield code="v">Songs and music.</subfield>
  </datafield>
  <datafield tag="700" ind1="1" ind2=" ">
    <subfield code="a">Welch, Roy Dickinson,</subfield>
    <subfield code="d">1885-1951.</subfield>
  </datafield>
  <datafield tag="700" ind1="1" ind2=" ">
    <subfield code="a">Moore, Earl Vincent,</subfield>
    <subfield code="d">1890-1987.</subfield>
  </datafield>
  <datafield tag="773" ind1="0" ind2=" ">
    <subfield code="t">Making of America</subfield>
    <subfield code="n">URL: http://moa.umdl.umich.edu/</subfield>
  </datafield>
  <datafield tag="856" ind1="4" ind2="0">
    <subfield code="u">http://name.umdl.umich.edu/1819552</subfield>
  </datafield>
  <datafield tag="997" ind1=" " ind2=" ">
    <subfield code="a">MARS</subfield>
  </datafield>
</record>
